0000031031520005                  MMIF SA/EVOCURE           GEBABEBB   00538839354 00000                                       2
10016035918134040 EUR0BE                  0000000057900000300315MMIF SA/EVOCURE                                              017
21000100000001500000103        0000000000500000010415001500001101100000834941                                      31031501601 0
2200010000                                                                                        GKCCBEBB                   1 0
2300010000BE96553242750005                  EURCOUREL PASCAL                                                                 0 1
31000100010001500000103        001500001001COUREL PASCAL                                                                     1 0
3200010001CHAUSSEE DE MALINES 10             1970 WEZEMBEEK-OPPEM                                                            0 0
21000200000001500000104        0000000000200000010415001500001102100000835749                                      31031501601 0
2200020000                                                                                        BILLLULL                   1 0
2300020000LU290028159406898400              EURM.PASCAL GHELEIN                                                              0 1
31000200010001500000104        001500001001M.PASCAL GHELEIN                                                                  1 0
32000200015 RUE DU CENTCINQUANTENAIRE        6750 MUSSY-LA-VILLE BELGIQUE                                                    0 0
21000300000001500000105        0000000000100000010415001500001101100000835951                                      31031501601 0
2200030000                                                                                        GEBABEBB                   1 0
2300030000BE71142066682269                  EURDE MOLDER DIRK                                                                0 1
31000300010001500000105        001500001001DE MOLDER DIRK                                                                    1 0
3200030001KERKHOFDREEF 2 0102                3001 LEUVEN                                                                     0 0
21000400000001500000106        0000000000100000010415001500001101100000835345                                      31031501601 0
2200040000                                                                                        GKCCBEBB                   1 0
2300040000BE84063438141759                  EURSCHOONJANS ROBIN                                                              0 1
31000400010001500000106        001500001001SCHOONJANS ROBIN                                                                  1 0
3200040001PL SAINT-BARTHELEMY 6/3            4000 LIEGE                                                                      0 0
21000500000001500000107        0000000000100000010415001500001101100000819985                                      31031501601 0
2200050000                                                                                        BBRUBEBB                   1 0
2300050000BE60310029825970                  EURM ET MME ROLAND NOBELS                                                        0 1
31000500010001500000107        001500001001M ET MME ROLAND NOBELS                                                            1 0
3200050001PADDESCHOOTDREEF 132               9100 SINT-NIKLAAS                                                               0 0
8016035918134040 EUR0BE                  0000000058900000310315                                                                0
9               000027000000000000000000000001000000                                                                           1