0000031031520005                  MMIF SA/BANK              GEBABEBB   00538839354 00000                                       2
10016539007547034 EUR0BE                  0000000057900000300315MMIF SA/EVOCURE                                              017
21000100000001500000103        0000000000500000010415001500001101100000834941                                      31031501601 0
2200010000                                                                                        GKCCBEBB                   1 0
2300010000BE53900754703405                  EURLASTNM PERSON                                                                 0 1
31000100010001500000103        001500001001LASTNM PERSON                                                                     1 0
3200010001CHAUSSEE DE BIERE 10             1978 SOMECITY                                                                     0 0
21000200000001500000104        0000000000200000010415001500001102100000835749                                      31031501601 0
2200020000                                                                                        BILLLULL                   1 0
2300020000LU539007547034898400              EURM.JOHN DOE                                                                    0 1
31000200010001500000104        001500001001M.JOHN DOE                                                                        1 0
32000200015 STREET                                     3654 CITY BELGIQUE                                                    0 0
8016035918134040 EUR0BE                  0000000058900000310315                                                                0
9               000027000000000000000000000001000000                                                                           1